@misc{pulp_ref,
	author = {ETH Zurich},
	title = {Pulpino},
	year = {2016},
	publisher = {GitHub},
	howpublished = {\url{https://github.com/pulp-platform/pulpino}},
	commit = {6631c49ba38a9258da44d6b120d902f7b81f9233}
}

@misc{pulp_plat_ref,
	author = {ETH Zurich},
	title = {pulp-platform},
	year = {2016},
	publisher = {GitHub},
	howpublished = {\url{https://github.com/pulp-platform}},
}

@misc{cmake_ref,
	author = {fosslinux},
	title = {Cmake},
	year = {2020},
	publisher = {fosslinux},
	howpublished = {\url{https://www.fosslinux.com/38392/how-to-install-cmake-on-ubuntu.htm}},
}

@misc{modelsim_install_ref,
	author = {Ho Huy Hung},
	title = {ModelSim Installation},
	year = {2016},
	publisher = {yoloh3.github},
	howpublished = {\url{https://yoloh3.github.io/linux/2016/12/24/install-modelsim-in-linux/}},
}

@misc{additional_scripts,
	author = {Aamir Sultan},
	title = {Additional Scripts},
	year = {2020},
	publisher = {GitHub},
	howpublished = {\url{https://github.com/Lampro-Mellon/Pulpino-Setup.git}},
}